<record><leader>00000cas a22000007a 4500</leader><controlfield tag="001">18952025</controlfield><controlfield tag="008">881229d19111957iduwr ne      0    0eng d</controlfield><datafield ind1=" " ind2=" " tag="010"><subfield code="a">sn 88056173 </subfield></datafield><datafield ind1=" " ind2=" " tag="040"><subfield code="a">NVB</subfield><subfield code="b">eng</subfield><subfield code="c">NVB</subfield><subfield code="d">OCLCQ</subfield><subfield code="d">OCLCO</subfield></datafield><datafield ind1=" " ind2=" " tag="042"><subfield code="a">msc</subfield></datafield><datafield ind1=" " ind2=" " tag="043"><subfield code="a">n-us-id</subfield></datafield><datafield ind1="0" ind2="0" tag="245"><subfield code="a">Lewis County register.</subfield></datafield><datafield ind1=" " ind2=" " tag="260"><subfield code="a">Ilo, Idaho :</subfield><subfield code="b">C.H. Martin</subfield></datafield><datafield ind1=" " ind2=" " tag="300"><subfield code="a">v.</subfield></datafield><datafield ind1=" " ind2=" " tag="310"><subfield code="a">Weekly</subfield></datafield><datafield ind1="1" ind2=" " tag="362"><subfield code="a">Began in Mar. 1911? Ceased in Apr. 1957.</subfield></datafield><datafield ind1=" " ind2=" " tag="500"><subfield code="a">Published in: Craigmont, &lt;1920-1957&gt;.</subfield></datafield><datafield ind1=" " ind2=" " tag="580"><subfield code="a">Absorbed: Winchester reporter, Dec. 29, 1938.</subfield></datafield><datafield ind1=" " ind2=" " tag="588"><subfield code="a">Description based on: Vol. 11, no. 50 (May 8, 1919).</subfield></datafield><datafield ind1=" " ind2="0" tag="651"><subfield code="a">Craigmont (Idaho)</subfield><subfield code="v">Newspapers.</subfield></datafield><datafield ind1=" " ind2="0" tag="651"><subfield code="a">Ilo (Idaho)</subfield><subfield code="v">Newspapers.</subfield></datafield><datafield ind1=" " ind2=" " tag="752"><subfield code="a">United States</subfield><subfield code="b">Idaho</subfield><subfield code="c">Lewis</subfield><subfield code="d">Ilo.</subfield></datafield><datafield ind1=" " ind2=" " tag="752"><subfield code="a">United States</subfield><subfield code="b">Idaho</subfield><subfield code="c">Lewis</subfield><subfield code="d">Craigmont.</subfield></datafield><datafield ind1="0" ind2="0" tag="780"><subfield code="t">Nez Perce register</subfield></datafield><datafield ind1="1" ind2="5" tag="785"><subfield code="t">Winchester reporter</subfield><subfield code="w">(DLC)sn 89055084</subfield></datafield><datafield ind1="0" ind2="7" tag="785"><subfield code="t">Nezperce herald</subfield><subfield code="w">(DLC)sn 89055082</subfield></datafield><datafield ind1="0" ind2="7" tag="785"><subfield code="t">Lewis County herald</subfield><subfield code="w">(DLC)sn 89055081</subfield></datafield></record>